@article{lotka1910,
  title={Contribution to the theory of periodic reactions},
  author={Lotka, Alfred J},
  journal={The Journal of Physical Chemistry},
  volume={14},
  number={3},
  pages={271--274},
  year={1910},
  publisher={ACS Publications}
}

@article{lotka1920,
  title={Analytical note on certain rhythmic relations in organic systems},
  author={Lotka, Alfred J},
  journal={Proceedings of the National Academy of Sciences},
  volume={6},
  number={7},
  pages={410--415},
  year={1920},
  publisher={National Acad Sciences}
}

@article{vano2006,
  title={Chaos in low-dimensional Lotka--Volterra models of competition},
  author={Vano, JA and Wildenberg, JC and Anderson, MB and Noel, JK and Sprott, JC},
  journal={Nonlinearity},
  volume={19},
  number={10},
  pages={2391},
  year={2006},
  publisher={IOP Publishing}
}

@article{bomze1983,
  title={Lotka-Volterra equation and replicator dynamics: a two-dimensional classification},
  author={Bomze, Immanuel M},
  journal={Biological cybernetics},
  volume={48},
  number={3},
  pages={201--211},
  year={1983},
  publisher={Springer}
}

@article{bomze1995,
  title={Lotka-Volterra equation and replicator dynamics: new issues in classification},
  author={Bomze, Immanuel M},
  journal={Biological cybernetics},
  volume={72},
  number={5},
  pages={447--453},
  year={1995},
  publisher={Springer}
}

@article{roques2011,
  title={Probing chaos and biodiversity in a simple competition model},
  author={Roques, Lionel and Chekroun, Micka{\"e}l D},
  journal={Ecological Complexity},
  volume={8},
  number={1},
  pages={98--104},
  year={2011},
  publisher={Elsevier}
}

